@article{hu2008session,
  title={Session-based distributed programming in java},
  author={Hu, R. and Yoshida, N. and Honda, K.},
  journal={ECOOP 2008--Object-Oriented Programming},
  pages={516--541},
  year={2008},
  publisher={Springer}
}

@article{honda1998language,
  title={Language primitives and type discipline for structured communication-based programming},
  author={Honda, K. and Vasconcelos, V. and Kubo, M.},
  journal={Programming Languages and Systems},
  pages={122--138},
  year={1998},
  publisher={Springer}
}

@article{yoshida2007language,
  title={Language Primitives and Type Discipline for Structured Communication-Based Programming Revisited:< i> Two Systems for Higher-Order Session Communication</i>},
  author={Yoshida, N. and Vasconcelos, V.T.},
  journal={Electronic Notes in Theoretical Computer Science},
  volume={171},
  number={4},
  pages={73--93},
  year={2007},
  publisher={Elsevier}
}

@article{coppoglobal,
  title={Global Progress and its Inference for Dynamically Interleaved Multiparty Sessions},
  author={Coppo, M. and Dezani-Ciancaglini, M. and Bettini, L. and Yoshida, N.}
}

@article{ngmultiparty,
  title={Multiparty Session C: Safe Parallel Programming with Message Optimisation},
  author={Ng, N. and Yoshida, N. and Honda, K.}
}

@article{honda2011scribbling,
  title={Scribbling interactions with a formal foundation},
  author={Honda, K. and Mukhamedov, A. and Brown, G. and Chen, T.C. and Yoshida, N.},
  journal={Distributed Computing and Internet Technology},
  pages={55--75},
  year={2011},
  publisher={Springer}
}

@article{bocchisafety,
  title={Safety Assurance Framework for Distributed Systems through Multiparty Session Types},
  author={Bocchi, L. and Chen, T.C. and Demangeon, R. and Deni{\'e}lou, P.M. and Honda, K. and Hu, R. and Neykova, R. and Yoshida, N.}
}

@inproceedings{denielou2012multiparty,
  title={Multiparty Session Types Meet Communicating Automata},
  author={Deni{\'e}lou, P.M. and Yoshida, N.},
  booktitle={ESOP. LNCS},
  year={2012}
}