@inproceedings{hu2008session,
  title={{Session-Based Distributed Programming in Java}},
  author={Hu, R. and Yoshida, N. and Honda, K.},
  journal={ECOOP 2008--Object-Oriented Programming},
  pages={516--541},
series    = {Lecture Notes in Computer Science},
  volume    = {5142},
  year={2008},
  publisher={Springer}
}

@inproceedings{honda1998language,
  title={{Language primitives and type discipline for structured communication-based programming}},
  author={Honda, K. and Vasconcelos, V. and Kubo, M.},
  journal={Programming Languages and Systems},
series    = {Lecture Notes in Computer Science},
  volume    = {1381},
  pages={122--138},
  year={1998},
  publisher={Springer}
}

@article{yoshida2007language,
  title={{Language Primitives and Type Discipline for Structured Communication-Based Programming Revisited: Two Systems for Higher-Order Session Communication}},
  author={Yoshida, N. and Vasconcelos, V.T.},
  journal={Electronic Notes in Theoretical Computer Science},
  volume={171},
  number={4},
  pages={73--93},
  year={2007},
  publisher={Elsevier}
}

@article{coppoglobal,
  title={{Global Progress in Dynamically Interleaved Multiparty Sessions}},
  author={Bettini, L. and Coppo, M. and D'Antoni , L. and De Luca, M. and Dezani-Ciancaglini, M. and  Yoshida, N.},
booktitle = {CONCUR},
  year      = {2008},
  pages     = {418-433},
publisher = {Springer},
  series    = {Lecture Notes in Computer Science},
  volume    = {5201}
}

@inproceedings{ngmultiparty,
  title={{Multiparty Session C: Safe Parallel Programming with Message Optimisation}},
  author={Ng, N. and Yoshida, N. and Honda, K.},
booktitle = {TOOLS (50)},
  year      = {2012},
  pages     = {202-218},
publisher = {Springer},
  series    = {Lecture Notes in Computer Science},
  volume    = {7304}
}

@inproceedings{honda2011scribbling,
  title={{Scribbling interactions with a formal foundation}},
  author={Honda, K. and Mukhamedov, A. and Brown, G. and Chen, T.C. and Yoshida, N.},
  journal={Distributed Computing and Internet Technology},
  series    = {Lecture Notes in Computer Science},
  volume    = {6536},
  pages={55--75},
  year={2011},
  publisher={Springer}
}

@article{bocchisafety,
  title={'Safety Assurance Framework for Distributed Systems through Multiparty Session Types}},
  author={Bocchi, L. and Chen, T.C. and Demangeon, R. and Deni{\'e}lou, P.M. and Honda, K. and Hu, R. and Neykova, R. and Yoshida, N.}
 year={2012}
}

@inproceedings{denielou2012multiparty,
  title={{Multiparty Session Types Meet Communicating Automata}},
  author={Deni{\'e}lou, P.M. and Yoshida, N.},
 booktitle = {ESOP},
 series    = {Lecture Notes in Computer Science},
volume    = {7211},
  pages     = {194-213},
  year={2012}
}

@misc{scribble,
  title =    "{{S}cribble developpement tool site}",
  note = "\url{http://www.jboss.org/scribble}",
}

@phdthesis{hvitved12phd,
  author = {Hvitved, Tom},
  title = {{Contract Formalisation and Modular Implementation of Domain-Specific Languages}},
  school = {Department of Computer Science, University of Copenhagen},
  year = {2012},
  url = {http://www.diku.dk/hjemmesider/ansatte/hvitved/publications/hvitved12phd.pdf}
}

@article{hvitved12jlap,
  title = {{A trace-based model for multiparty contracts}},
  journal = {Journal of Logic and Algebraic Programming},
  volume = {81},
  number = {2},
  pages = {72--98},
  year = {2012},
  note = {Formal Languages and Analysis of Contract-Oriented Software (FLACOS'10)},
  issn = {1567-8326},
  doi = {10.1016/j.jlap.2011.04.010},
  author = {Hvitved, Tom and Klaedtke, Felix and Z{\u a}linescu, Eugen}
}

@article{alur1994theory,
  title={{A theory of timed automata}},
  author={Alur, R. and Dill, D.L.},
  journal={Theoretical computer science},
  volume={126},
  number={2},
  pages={183--235},
  year={1994},
  publisher={Elsevier}
}

@article{saeedloei2008timed,
  title={{Timed Pi-calculus}},
  author={Saeedloei, N. and Gupta, G.},
  journal={University of Texas at Dallas technical report},
  year={2008},
  publisher={Citeseer}
}

@article{bocchi2010theory,
  title={{A theory of design-by-contract for distributed multiparty interactions}},
  author={Bocchi, L. and Honda, K. and Tuosto, E. and Yoshida, N.},
  journal={CONCUR 2010-Concurrency Theory},
  pages={162--176},
series    = {Lecture Notes in Computer Science},
  volume    = {6269},
  year={2010},
  publisher={Springer}
}

@book{desel1995free,
  title={{Free choice Petri nets}},
  author={Desel, J. and Esparza, J.},
  volume={40},
  year={1995},
  publisher={Cambridge Univ Pr}
}

@article{henriksentrustworthy,
  title={{Trustworthy Pervasive Healthcare Services via Multiparty Session Types}},
  author={Henriksen, A.S. and Nielsen, L. and Hildebrandt, T.T. and Yoshida, N. and Henglein, F.},
 year={To appear, 2012}
}

@inproceedings{maggi2011monitoring,
  title={{Monitoring business constraints with linear temporal logic: an approach based on colored automata}},
  author={Maggi, F. and Montali, M. and Westergaard, M. and van der Aalst, W.},
  journal={Business Process Management},
 series    = {Lecture Notes in Computer Science},
volume    = {6896},
  pages={132--147},
  year={2011},
  publisher={Springer}
}

@inproceedings{lee2002modeling,
  title={{On modeling real-time mobile processes}},
  author={Lee, J.Y. and Zic, J.},
  booktitle={Australian Computer Science Communications},
  volume={24},
  number={1},
  pages={139--147},
  year={2002},
  organization={Australian Computer Society, Inc.}
}

@inproceedings{berger2007timed,
  title={{Timed, Distributed, Probabilistic, Typed Processes}},
  author={Berger, M. and Yoshida, N.},
  booktitle={Proceedings of the 5th Asian conference on Programming languages and systems},
   series    = {Lecture Notes in Computer Science},
  volume    = {4807},
  pages={158--174},
 year={2007},
  organization={Springer-Verlag}
}

@article{van1998application,
  title={{The application of Petri nets to workflow management}},
  author={Van der Aalst, W.M.P. and others},
  journal={Journal of Circuits Systems and Computers},
  volume={8},
  pages={21--66},
  year={1998},
  publisher={WORLD SCIENTIFIC CO. PTE. LTD.}
}

@inproceedings{alur1999timed,
  title={{Timed automata}},
  author={Alur, R.},
  booktitle={Computer Aided Verification},
 series    = {Lecture Notes in Computer Science},
  volume    = {1633},
  pages={688--688},
  year={1999},
  organization={Springer}
}

@article{bengtsson2004timed,
  title={{Timed automata: Semantics, algorithms and tools}},
  author={Bengtsson, J. and Yi, W.},
  journal={Lectures on Concurrency and Petri Nets},
  pages={87--124},
  year={2004},
 series    = {Lecture Notes in Computer Science},
  volume    = {3098},
  publisher={Springer}
}

@phdthesis{vanderaalst1992timed,
  title={{Timed Coloured Petri Nets and their Application to Logistics}},
  author={VANDERAALST, W.},
  school = {Technische Universiteit Eindhoven}
  year={1992}
}

@article{ciobanu2006timers,
  title={{Timers for distributed systems}},
  author={Ciobanu, G. and Prisacariu, C.},
  journal={Electronic Notes in Theoretical Computer Science},
  volume={164},
  number={3},
  pages={81--99},
  year={2006},
  publisher={Elsevier}
}

@article{lopez2010towards,
  title={{Towards a unified framework for declarative structured communications}},
  author={L{\'o}pez, H.A. and Olarte, C. and P{\'e}rez, J.A.},
  journal={Programming Language Approaches to Concurrency and CommunicationcEntric Software (PLACESâ€™2009), EPTCS},
  volume={17},
  pages={1--15},
  year={2010}
}

@phdthesis{berger2002towards,
  title={{Towards Abstractions for Distributed Systems}},
  author={Berger, M.},
  school={Imperial College, Deptartment of Computing},
  year={2002},
  publisher={Citeseer}
}

@misc{scribblelanguage,
  title =    "{{S}cribble Language Reference}",
  note = "\url{http://www.doc.ic.ac.uk/~rhu/scribble/langref.html}"
}

@misc{graphviz,
  title =    "{Graphviz, Graph Visualization Software}",
  note = "\url{http://www.graphviz.org/}"
}

@misc{pydot,
  title =    "{Pydot, Python interface to Graphviz's Dot language}",
  note = "\url{http://code.google.com/p/pydot/}"
}

@misc{bpmnposter,
  title =    "{BPMN 2.0 notations}",
  note = "\url{http://www.bpmb.de/images/BPMN2_0_Poster_EN.pdf}"
}

@misc{bpmn,
  title =    "{Business Process Model Notation}",
  note = "\url{http://www.bpmn.org/}"
}

@misc{ws,
  title =    "{W3C - Web Services Choreography Working Group}",
  note = "\url{http://www.w3.org/2002/ws/chor/}"
}

